@misc{FORREFERENCE,
  title = {Foundations for Category Theory},
  author = {Daniel Murfet},
  note  =  {\url{https://therisingsea.org/notes/FoundationsForCategoryTheory.pdf}},
  note = {Accessed: 5-3-2019},
}

@misc{modelling_competition,
    title = {Modelling {C}ompetition},
    author = {Edinburgh SIAM \& IMA Student Chapter},
    note = {\url{https://siam-ima.maxwell.ac.uk/mcsisc23} [Accessed:]},
    year = {2023}
}

@misc{noise_lab,
    title = {Edinburgh {A}irport {N}oise {L}ab},
    Note = {\url{https://noiselab.casper.aero/edi/}},
    year = {2017}}

@misc{UK_border_2025,
    title = {2025 {UK} {B}order {S}trategy},
    author = {{Presented to Parliament by the Chancellor Duchy of Lancaster and the Minister of State at the Cabinet Office by Command of Her Majesty}},
    year = {2020},
    Note = {\url{https://www.gov.uk/government/publications/2025-uk-border-strategy}}
}

@misc{Inspection_eGates,
  title = {An inspection of ePassport gates ({J}une 2020 â€“ {J}anuary 2021)},
  author = {{Independent Chief Inspector of Borders and Immigration}},
  year = {2022},
   Note = {\url{https://www.gov.uk/government/publications/an-inspection-of-epassport-gates-june-2020-january-2021}
   [Accessed: 2023-03-15]}
}


@misc{aircraft_capacity,
  title = {Aircrafts dataset},
  author = {Cristina Sirangelo },
  Note   = {\url{https://www.lsv.fr/~sirangel/teaching/dataset/index.html}
           },
  year = {{[Accessed: 2023-03-15]}}
}

@misc{busiestairport,
  title = {Annual airport data 2022},
  author = {{UK Civil Aviation Authority}},
  Note   = {\url{https://www.caa.co.uk/data-and-analysis/uk-aviation-market/airports/uk-airport-data/uk-airport-data-2022/annual-2022/}
           },
  year = {{[Accessed: 2023-03-15]}}
}



@misc{loading_factor_national,
  author = {{Statista Research Department}},
  title = {Passenger seat occupancy on scheduled international and domestic flights flown by airlines in the {United Kingdom (UK)} between 2002 and 2020},
  year = 2023,
    Note   = {\url{https://www.statista.com/statistics/304056/international-and-domestic-flight-seat-occupancy-in-the-uk/}
           [Accessed: 2023-03-15]},
}

@article{loading_factor_ryanair,
  author = {George Morahan},
  title = {Ryanair Raise Profit Guidance After Strong {Q3} Trading},
  journal = {Business Plus},
  year = 2023,
    Note   = {\url{https://businessplus.ie/news/ryanair-december-passengers/#:~:text=The\%20airline\%20carried\%20some\%20160.4,points\%20from\%20the\%20previous\%20year.}
           [Accessed: 2023-03-15]},
}

@misc{mega_hubs,
  author = {{OAG Aviation Worldwide}},
  title = {MEGAHUBS 2022 DISCOVER THE MOST CONNECTED AIRPORTS IN THE WORLD},
  year = {NA},
    Note   = {\url{https://www.oag.com/megahub-airports-2022}
           [Accessed: 2023-03-15]},
}


@misc{common_travel_area,
  author = {{Cabinet Office and Home Office}},
  title = {{Common Travel Area: rights of UK and Irish citizens -- guidance}},
  year = {2022},
    Note   = {\url{https://www.gov.uk/government/publications/common-travel-area-guidance}
           [Accessed: 2023-03-15]},
}